@article{yuan2020iot,
  title={An IoT-based framework for plant growth monitoring},
  author={Yuan, Z. and others},
  journal={Sensors},
  volume={20},
  number={6},
  pages={1742},
  year={2020},
  publisher={MDPI}
}

@article{theparod2019iot,
  title={IoT-based plant care with LED light control},
  author={Theparod, P. and others},
  journal={Journal of Intelligent and Robotic Systems},
  volume={95},
  number={2},
  pages={413-428},
  year={2019},
  publisher={Springer}
}

@article{ting2020irrigation,
  title={IoT-enabled automated irrigation system based on environmental parameters},
  author={Ting, Y. and others},
  journal={Environmental Engineering Science},
  volume={37},
  number={8},
  pages={549-559},
  year={2020},
  publisher={Mary Ann Liebert, Inc.}
}

@article{banda2018intelligent,
  title={Intelligent plant irrigation system based on IoT technology},
  author={Banda-Chavez, R. and others},
  journal={Journal of Sensors},
  volume={2018},
  pages={1423459},
  year={2018},
  publisher={Hindawi}
}

@article{azhar2017controlling,
  title={Controlling plant growth with IoT-based environmental sensors for water and fertilizer management},
  author={Azhar, S. and others},
  journal={Computers, Materials and Continua},
  volume={56},
  number={3},
  pages={389-402},
  year={2017},
  publisher={Tech Science Press}
}

@article{johannessen2020embedded,
  title={Embedded systems for indoor pollution detection and monitoring},
  author={Johannessen, J. and others},
  journal={Sensors and Actuators B: Chemical},
  volume={319},
  pages={128220},
  year={2020},
  publisher={Elsevier}
}

@article{brunel2019two,
  title={Two-way data exchange for smart indoor pollution monitoring},
  author={Brunel, F. and others},
  journal={Journal of Indoor and Built Environment},
  volume={28},
  number={6},
  pages={877-889},
  year={2019},
  publisher={SAGE Publications}
}

@article{guerrero2023development,
  title={Development of IoT systems for indoor air quality monitoring},
  author={Guerrero-Ulloa, M. and others},
  journal={Environmental Monitoring and Assessment},
  volume={195},
  pages={142},
  year={2023},
  publisher={Springer}
}

@article{gezici2022systematic,
  title={Systematic review of smart sensors for indoor pollution monitoring},
  author={Gezici, S. and others},
  journal={Sensors},
  volume={22},
  number={15},
  pages={5296},
  year={2022},
  publisher={MDPI}
}

@article{guerrero2023agile,
  title={Agile indoor pollution management systems with IoT applications},
  author={Guerrero-Ulloa, M. and others},
  journal={Journal of Environmental Management},
  volume={308},
  pages={114453},
  year={2023},
  publisher={Elsevier}
}

@article{chowdhury2021effects,
  title={Effects of ornamental plants on indoor air quality and human health},
  author={Chowdhury, Z. and others},
  journal={Environmental Science and Technology},
  volume={55},
  number={13},
  pages={8765-8777},
  year={2021},
  publisher={ACS Publications}
}

@article{barra2022artificial,
  title={Artificial intelligence for monitoring the impact of ornamental plants on indoor pollution levels},
  author={Barra, F. and others},
  journal={Sensors and Actuators B: Chemical},
  volume={352},
  pages={131002},
  year={2022},
  publisher={Elsevier}
}

@article{kumar2022probabilistic,
  title={Probabilistic model for assessing the effectiveness of ornamental plants in controlling indoor pollution},
  author={Kumar, R. and others},
  journal={Environmental Modelling and Software},
  volume={151},
  pages={105437},
  year={2022},
  publisher={Elsevier}
}

@article{guerrero2020smartmedicine,
  title={Smart medicine for indoor air quality monitoring using IoT},
  author={Guerrero-Ulloa, M. and others},
  journal={Environmental Research},
  volume={183},
  pages={109204},
  year={2020},
  publisher={Elsevier}
}

@article{yang2021long,
  title={Long-term monitoring of air pollution using a low-cost sensor system},
  author={Yang, H. and others},
  journal={Sensors},
  volume={21},
  number={22},
  pages={7441},
  year={2021},
  publisher={MDPI}
}

@misc{arduino2023,
  author = {Arduino},
  title = {Arduino Nano ESP32},
  year = {2023},
  howpublished = {\url{https://en.wikipedia.org/wiki/Arduino_Nano}},
  note = {Accessed: 2024-12-22}
}


@misc{tiLM75a,
  author = {Texas Instruments},
  title = {LM75A Digital Temperature Sensor},
  year = {2024},
  howpublished = {\url{https://www.ti.com/product/LM75A}},
  note = {Accessed: 2024-12-22}
}

@misc{harvardTempMon,
  author = {Harvard University},
  title = {Thermal Monitoring with LM75 Sensors},
  year = {2023},
  howpublished = {\url{https://www.harvard.edu/thermal-sensors}},
  note = {Accessed: 2024-12-22}
}

@misc{universityThermal,
  author = {University of California, Berkeley},
  title = {Temperature Sensing and Management in Electronics},
  year = {2022},
  howpublished = {\url{https://www.berkeley.edu/temperature-management}},
  note = {Accessed: 2024-12-22}
}

@misc{electronicshub,
  author = {Electronicshub},
  title = {Humidity Sensor Types and Working Principle},
  year = {2023},
  url = {https://www.electronicshub.org/humidity-sensor-types-working-principle/?utm_source=chatgpt.com}
}

@misc{wikipedia_hygrometer,
  author = {Wikipedia},
  title = {Hygrometer},
  year = {2023},
  url = {https://en.wikipedia.org/wiki/Hygrometer?utm_source=chatgpt.com}
}
